@Misc{ipsjTohoku,
    title = "支部研究会の原稿の作成について – IPSJ-TOHOKU",
    howpublished = "\url{https://tohoku.ipsj.or.jp/doku.php?id=paper}"
}
